@book{rothermel1972mathematical,
  title={A mathematical model for predicting fire spread in wildland fuels},
  author={Rothermel, Richard C and others},
  year={1972},
  publisher={Intermountain Forest \& Range Experiment Station, Forest Service, US Department of Agriculture}
}

@article{scott2005standard,
  title={Standard fire behavior fuel models: a comprehensive set for use with Rothermel's surface fire spread model},
  author={Scott, Joe H and Burgan, Robert E},
  journal={The Bark Beetles, Fuels, and Fire Bibliography},
  pages={66},
  year={2005}
}

@article{overholtcharacterization,
  title={Characterization of Fuel Properties and Fire Spread Rates for Little Bluestem Grass},
  author={Overholt, KJ and Cabrera, J and Kurzawski, A and Koopersmith, M and Ezekoye, OA},
  journal={Fire Technology},
  pages={1--30},
  publisher={Springer}
}

@article{brooks2000bayesian,
  title={Bayesian animal survival estimation},
  author={Brooks, SP and Catchpole, EA and Morgan, BJT},
  journal={Statistical Science},
  volume={15},
  number={4},
  pages={357--376},
  year={2000},
  publisher={Institute of Mathematical Statistics}
}

@article{miki2012bayesian,
  title={Bayesian uncertainty quantification of recent shock tube determinations of the rate coefficient of reaction H+ O2â†’ OH+ O},
  author={Miki, Kenji and Cheung, Sai Hung and Prudencio, Ernesto E and Varghese, Philip L},
  journal={International Journal of Chemical Kinetics},
  volume={44},
  number={9},
  pages={586--597},
  year={2012},
  publisher={Wiley Online Library}
}

@article{cheung2011bayesian,
  title={Bayesian uncertainty analysis with applications to turbulence modeling},
  author={Cheung, Sai Hung and Oliver, Todd A and Prudencio, Ernesto E and Prudhomme, Serge and Moser, Robert D},
  journal={Reliability Engineering \& System Safety},
  volume={96},
  number={9},
  pages={1137--1149},
  year={2011},
  publisher={Elsevier}
}